<?xml version="1.0" encoding="UTF-8"?><collection><record><leader>07981ntm a2200577 a 4500</leader><controlfield tag="001">006305576</controlfield><controlfield tag="003">MiAaHDL</controlfield><controlfield tag="005">20190719000000.0</controlfield><controlfield tag="006">m        d        </controlfield><controlfield tag="007">cr bn ---auaua</controlfield><controlfield tag="008">090417m14501463xx            00| ||ara d</controlfield><datafield tag="035" ind1=" " ind2=" "><subfield code="a">(MiU)006305576</subfield></datafield><datafield tag="035" ind1=" " ind2=" "><subfield code="a">sdr-miu006305576</subfield></datafield><datafield tag="040" ind1=" " ind2=" "><subfield code="a">MiU</subfield><subfield code="c">MiU</subfield><subfield code="e">amremm</subfield></datafield><datafield tag="043" ind1=" " ind2=" "><subfield code="a">n-us-mi</subfield></datafield><datafield tag="100" ind1="1" ind2=" "><subfield code="6">880-01</subfield><subfield code="a">Ibn Malak, ʻAbd al-Laṭīf ibn ʻAbd al-ʻAzīz.</subfield></datafield><datafield tag="245" ind1="1" ind2="0"><subfield code="6">880-03</subfield><subfield code="a">Sharḥ Majmaʻ al-Baḥrayn li-Ibn Malak,</subfield><subfield code="f">[854, i.e. 1450 and 867, i.e. 1463].</subfield></datafield><datafield tag="260" ind1=" " ind2=" "><subfield code="c">[1450 and 1463].</subfield></datafield><datafield tag="300" ind1=" " ind2=" "><subfield code="a">343 leaves :</subfield><subfield code="b">paper ;</subfield><subfield code="c">269 x 175 (210 x 130) mm. bound to 272 x 185 mm.</subfield></datafield><datafield tag="500" ind1=" " ind2=" "><subfield code="a">Shelfmark: Ann Arbor, University of Michigan, Special Collections Library, Isl. Ms. 79</subfield></datafield><datafield tag="500" ind1=" " ind2=" "><subfield code="a">Origin: [1] According to colophon on fol.199a, first part copied by Saʻīd ibn Ḥājjī ibn Sayyid ʻAlī Bik ibn Qaʻlī [?] Bik. Copying finished Muḥarram 854 [February-March 1450] ; [2] according to colophon on fol.343a, second part copied by Ḥājjī ʻAlī ibn Sayyid ʻAlī ibn Muḥammad. Copying finished Jumādá II 867 [February 1463].</subfield></datafield><datafield tag="500" ind1=" " ind2=" "><subfield code="a">Accompanying materials: Slip with reading notes, quotes (inserted between fol.185 and 186).</subfield></datafield><datafield tag="500" ind1=" " ind2=" "><subfield code="a">Former shelfmark: British Museum, London "No. 58. Majma al-bahrain, with commentary."</subfield></datafield><datafield tag="500" ind1=" " ind2=" "><subfield code="a">Binding: Pasteboards faced in dark brown (to black) leather and now edged in brown leather (leather faced and edged framed binding) ; Type II binding (with flap) ; pastedowns and flyleaves in bright green surface-dyed, coated paper ; upper and lower covers carry large gold-stamped mandorla with pendants ; design continues on flap ; now sewn in golden yellow thread, two stations ; worked chevron endbands in golden yellow and red, good condition ; overall in fair condition with some abrasion, lifting and losses of leather, minor pest damage, etc. ; repairs (subtle fills and edging).</subfield></datafield><datafield tag="500" ind1=" " ind2=" "><subfield code="a">Support: mainly non-European (likely Arab) laid paper of a few types ; opening part in a type with roughly 8 laid lines per cm. (horizontal, indistinct) and chain lines grouped (likely in threes) with 9-11 mm. between chains and 33-40 mm. between groups (see p.344, 350, etc.), cloudy furnish, quite sturdy, fairly thick, well-burnished ; second part in a type with 9-10 laid lines per cm. (horizontal, fairly distinct) and chain lines grouped in threes (see p.512) with 10-11 mm. between the chains and 47-50 mm. between groups, somewhat cloudy furnish, quite sturdy, well-burnished ; a few replacement gatherings on European laid paper with three crescent watermark (see fol.86, 88, 90, etc.).</subfield></datafield><datafield tag="500" ind1=" " ind2=" "><subfield code="a">Decoration: Text rubricated, overlining and section headings in red ink; some overlining in green (see fol.317ab, etc.).</subfield></datafield><datafield tag="500" ind1=" " ind2=" "><subfield code="a">Script: Naskh-nastaʻlīq (talik) ; several Turkish hands ; colophons in taʻlīq ; distinct hand for each part and several hands in first part, particularly distinct for quires of European laid paper added later (replacement leaves).</subfield></datafield><datafield tag="500" ind1=" " ind2=" "><subfield code="a">Layout: Written in 23 lines per page ; impression of ruling board evident.</subfield></datafield><datafield tag="500" ind1=" " ind2=" "><subfield code="a">Collation: i, I+1 (3), III+1 (10), IV (18), V (28), 7 IV (84), III+1 (91), 13 IV (195), II (199), 3 V (229), IV (237), II (241), 9 V (331), VI (343), ii ; first part chiefly quaternions, second part chiefly quinions ; divided into two parts, foliation in black ink with Hindu-Arabic numerals distinct for each part ; foliation of first part is corrected in red ink to account for two quires inserted later ; pagination in pencil with Hindu-Arabic numerals (top center of each page) is continuous ; continuous pagination in pencil with Western numerals added later; catchwords present.</subfield></datafield><datafield tag="500" ind1=" " ind2=" "><subfield code="a">Colophon: [1] "Scribal," triangular, reads: "تم المآب [؟] لحسن التوفيق وقد وقع الفراغ لكتاب ... [؟] النسخة الشريفة ... [؟] على يد العبد الضعيف النحيف المحتاج [؟] الراجي الى رحمة ربه ... وكاتبه سعيد بن حاجي بن سيد علي بك بن قعل بك في قرى كلاجوك ... [؟] غفر الله لهم ولوالديهم ولجميع المسلمين والمسلمات وقد وقعه ... [؟] النسخة الشريفة ... [؟] شهر محرم في ... [؟] تم سنة اربعة وخمسين وثماني مائة" ; [2] "scribal," rectangular, reads: "تم المآب بعون الله الملك الوهاب للمؤمنين سبيل الصواب وقد وقع الفراغ من ... النسخة الشريفة ... امين يا رب العالمين على يد العبد الضعيف النخيف الراجي الى رحمة ربه اللطيف حاجي على ابن سيد على ابن محمد غفر الله لهم ولوالديهم ولجميع المسلمين والمسلمات والمؤمنين والمؤمنات في اوائل جمادى الاخير ليلة الجمعة [?] ... سنة سبعة وستين وثمانمائة."</subfield></datafield><datafield tag="500" ind1=" " ind2=" "><subfield code="a">Explicit: "واجازها محمد حملا لكلامه الى الصرف الى مصالحة تصحيحا له تم"</subfield></datafield><datafield tag="500" ind1=" " ind2=" "><subfield code="a">Incipit: "يا من لا يحوط كمال كماله نطاق وصف الصفحاء [كذا, اي الفصحاء] ... وبعد يقول الضعيف النحيف المديني [؟] عبد اللطيف بن عبد العزيز بن امين الدين ختم الله بالخير عمله ... الحمد لله ابتداء المصنف رحمه الله باول تصنيفه بالتحميد اقتداء بكتاب الله الحميد"</subfield></datafield><datafield tag="500" ind1=" " ind2=" "><subfield code="a">Title from 'title page' on fol.4a.</subfield></datafield><datafield tag="500" ind1=" " ind2=" "><subfield code="a">Ms. codex.</subfield></datafield><datafield tag="510" ind1="4" ind2=" "><subfield code="a">Brockelmann, C. GAL,</subfield><subfield code="c">I, 383 ; SI</subfield></datafield><datafield tag="520" ind1="8" ind2=" "><subfield code="a">Commentary on Majmaʻ al-Baḥrayn by Ibn al-Sāʻātī (d. 696/1296), a compendium on Ḥanafī law, based on the Mukhtaṣar of al-Qudūrī (d. 428/1037) and the Manẓūmah of al-Nasafī (d. 537/1142). Arranged as two volumes in one.</subfield></datafield><datafield tag="538" ind1=" " ind2=" "><subfield code="a">Mode of access: Internet.</subfield></datafield><datafield tag="541" ind1=" " ind2=" "><subfield code="c">Purchase ;</subfield><subfield code="a">Acquired by purchase along with Abdul Hamid Collection (funds donated by Horace Rackham).</subfield><subfield code="d">1924.</subfield></datafield><datafield tag="546" ind1=" " ind2=" "><subfield code="a">Arabic.</subfield></datafield><datafield tag="561" ind1=" " ind2=" "><subfield code="a">Bookplate of British Museum, London on inner front cover, "No. 58. Majma al-bahrain, with commentary." ; circular seal impression with figure of goat/gazelle in purple ink as well as purple penciled inscription "65" in Western numerals on recto of front flyleaf ; "80" inscribed on verso of front flyleaf ; octagonal seal impression on fol.4a ; larged circular waqf seal impression on fol.4a dated 1324 [1906 or 7] in the name of the Ottoman sultan Abdülhamit II (1842-1918, r.1876-1909) for the library of the müftü Abdullah el-Erzincani (كتبخانه مفتي عبد الله الازنجانى ) reads "قد وقفت هذا الكتاب السلطان الغازي عبد الحميد خان ثانى [؟] لكتبخانه مفتى عبد الله الارزنجانى بشرط ان لا يخرج منها ١٣٢٤" (compare appearance in Isl. Ms. 68) ; oval/almond shaped seal impression fol.108a; many reading notes and marginal corrections.</subfield></datafield><datafield tag="600" ind1="1" ind2="0"><subfield code="a">Ibn al-Sāʻātī, Aḥmad ibn ʻAlī,</subfield><subfield code="d">1254-1294 or 5.</subfield><subfield code="t">Majmaʻ al-baḥrayn.</subfield></datafield><datafield tag="650" ind1=" " ind2="0"><subfield code="a">Manuscripts, Arabic</subfield><subfield code="z">Michigan</subfield><subfield code="z">Ann Arbor.</subfield></datafield><datafield tag="650" ind1=" " ind2="0"><subfield code="a">Hanafites</subfield><subfield code="v">Early works to 1800.</subfield></datafield><datafield tag="650" ind1=" " ind2="0"><subfield code="a">Islamic law</subfield><subfield code="v">Early works to 1800.</subfield></datafield><datafield tag="700" ind1="0" ind2=" "><subfield code="6">880-05</subfield><subfield code="a">Ḥājjī ʻAlī ibn Sayyid ʻAlī ibn Muḥammad,</subfield><subfield code="d">fl. 1463,</subfield><subfield code="e">scribe.</subfield></datafield><datafield tag="700" ind1="0" ind2=" "><subfield code="6">880-04</subfield><subfield code="a">Saʻīd ibn Ḥājjī ibn Sayyid ʻAlī,</subfield><subfield code="d">fl. 1450,</subfield><subfield code="e">scribe.</subfield></datafield><datafield tag="773" ind1="0" ind2=" "><subfield code="a">Tiflis Collection.</subfield></datafield><datafield tag="880" ind1="0" ind2=" "><subfield code="6">700-05/</subfield><subfield code="a">حاجي علي بن سيد علي بن محمد,</subfield><subfield code="e">ناسخ.</subfield></datafield><datafield tag="880" ind1="0" ind2=" "><subfield code="6">700-04/</subfield><subfield code="a">سعيد بن حاجي بن سيد علي,</subfield><subfield code="e">ناسخ.</subfield></datafield><datafield tag="880" ind1="1" ind2="0"><subfield code="6">245-03/</subfield><subfield code="a">شرح مجمع البحرين لابن ملك,</subfield><subfield code="f">[854ه، 1450م و867ه، 1463م].</subfield></datafield><datafield tag="880" ind1="1" ind2=" "><subfield code="6">100-01/</subfield><subfield code="a">.ابن ملك، عبد اللطيف بن عبد العزيز</subfield></datafield><datafield tag="CID" ind1=" " ind2=" "><subfield code="a">006305576</subfield></datafield><datafield tag="DAT" ind1="0" ind2=" "><subfield code="a">20190719102634.0</subfield><subfield code="b">20190719000000.0</subfield></datafield><datafield tag="DAT" ind1="1" ind2=" "><subfield code="a">20190719090653.0</subfield><subfield code="b">2019-07-19T16:11:15Z</subfield></datafield><datafield tag="DAT" ind1="2" ind2=" "><subfield code="a">2015-10-10T18:00:06Z</subfield></datafield><datafield tag="CAT" ind1=" " ind2=" "><subfield code="a">SDR-MIU</subfield><subfield code="d">EX LIBRIS - ALEPH</subfield><subfield code="l">prepare.pl-004-008</subfield></datafield><datafield tag="FMT" ind1=" " ind2=" "><subfield code="a">BK</subfield></datafield><datafield tag="HOL" ind1=" " ind2=" "><subfield code="0">sdr-miu006305576</subfield><subfield code="a">MiU</subfield><subfield code="b">SDR</subfield><subfield code="c">MIU</subfield><subfield code="p">mdp.39015079124908</subfield><subfield code="s">MIU</subfield><subfield code="1">006305576</subfield></datafield><datafield tag="974" ind1=" " ind2=" "><subfield code="b">MIU</subfield><subfield code="c">MIU</subfield><subfield code="d">20190719</subfield><subfield code="s">lit-dlps-dc</subfield><subfield code="u">mdp.39015079124908</subfield><subfield code="y">1463</subfield><subfield code="r">pd</subfield><subfield code="q">bib</subfield><subfield code="t">non-US bib date2, date type m &lt; 1879</subfield></datafield></record></collection>